%  a sample bibliography file

@misc{tex,
    year = {2017},
    note = {{Inserting a PDF file in REVTeX 4.1.\\
            \url{https://tex.stackexchange.com/questions/227385}}}
}

@misc{numpages,
    year = {2014},
    note = {{Get number of pages of external PDF\\
            \url{https://tex.stackexchange.com/questions/198091/get-number-of-pages-of-external-pdf?answertab=votes#tab-top}}}
}

@misc{rotate,
    year = {2015},
    note = {{Including pdfpages renders rotated RevTeX 4.1 pdfLaTex output. \\
            \url{https://tex.stackexchange.com/questions/266520}}}
}

@misc{pdfpages,
    year = {2017},
    note = {{pdfpages -- Include PDF documents in \LaTeX.
            \url{https://ctan.org/pkg/pdfpages}}}
}

@article{Sengupta:2018pv,
 author = {Sengupta, Sanghita and Nichols, Nathan S. and Del Maestro, Adrian and Kotov, Valeri N.},
 doi = {10.1103/physrevlett.120.236802},
 journal = {Phys. Rev. Lett.},
 number = {23},
 publisher = {American Physical Society (APS)},
 title = {{T}heory of {L}iquid {F}ilm {G}rowth and {W}etting {I}nstabilities on {G}raphene},
 url = {http://dx.doi.org/10.1103/PhysRevLett.120.236802},
 pages = {236802},
 volume = {120},
 note = {\url{https://arxiv.org/abs/1711.09901}},
 year = {2018}
}


@article{Barghathi:2018cu,
 author = {Barghathi, Hatem and Herdman, C.~M. and {Del Maestro}, Adrian},
 doi = {10.1103/physrevlett.121.150501},
 journal = {Phys. Rev. Lett.},
 number = {15},
 publisher = {American Physical Society (APS)},
 title = {{R}{\'e}nyi {G}eneralization of the {A}ccessible {E}ntanglement {E}ntropy},
 url = {http://dx.doi.org/10.1103/PhysRevLett.121.150501},
 pages = {150501},
 volume = {121},
 year = {2018},
 note= {\url{https://arxiv.org/abs/1804.01114}},
}

@article{Barghathi:2018rg,
   author = {{Barghathi}, H. and {Herdman}, C.~M. and {Del Maestro}, A.},
   title = "{R\'enyi generalization of the operational entanglement entropy}",
   archivePrefix = {arXiv},
   eprint = {1804.01114},
   year = {2018},
   primaryClass = {cond-mat},
   url = {https://arxiv.org/abs/1804.01114}
}
